<record><leader>00000cas a22000007a 4500</leader><controlfield tag="001">12957721</controlfield><controlfield tag="008">851228d18661870nyuwr ne      0    0eng d</controlfield><datafield ind1=" " ind2=" " tag="010"><subfield code="a">sn 85038690 </subfield></datafield><datafield ind1=" " ind2=" " tag="040"><subfield code="a">NPY</subfield><subfield code="b">eng</subfield><subfield code="c">NPY</subfield><subfield code="d">NYS</subfield><subfield code="d">OCLCQ</subfield></datafield><datafield ind1=" " ind2=" " tag="042"><subfield code="a">msc</subfield></datafield><datafield ind1="0" ind2="0" tag="245"><subfield code="a">Mohawk Valley register and Fort Plain journal.</subfield></datafield><datafield ind1="1" ind2="3" tag="246"><subfield code="a">Mohawk Valley register</subfield></datafield><datafield ind1=" " ind2=" " tag="260"><subfield code="a">Fort Plain, N.Y. :</subfield><subfield code="b">Angell Matthewson</subfield></datafield><datafield ind1=" " ind2=" " tag="300"><subfield code="a">v. ;</subfield><subfield code="c">70 cm.</subfield></datafield><datafield ind1=" " ind2=" " tag="310"><subfield code="a">Weekly</subfield></datafield><datafield ind1="0" ind2=" " tag="362"><subfield code="a">Vol. 13, no. 1 (May 4, 1866)-</subfield></datafield><datafield ind1="1" ind2=" " tag="362"><subfield code="a">Ceased in 1870.</subfield></datafield><datafield ind1=" " ind2="4" tag="651"><subfield code="a">Fort Plain (N.Y.)</subfield><subfield code="v">Newspapers.</subfield></datafield><datafield ind1=" " ind2=" " tag="752"><subfield code="a">United States</subfield><subfield code="b">New York</subfield><subfield code="c">Montgomery</subfield><subfield code="d">Fort Plain.</subfield></datafield><datafield ind1="0" ind2="0" tag="780"><subfield code="t">Mohawk Valley register (Fort Plain, N.Y. : 1854)</subfield><subfield code="w">(DLC)sn 83031044</subfield></datafield><datafield ind1="0" ind2="0" tag="785"><subfield code="t">Mohawk Valley register (Fort Plain, N.Y. : 1870)</subfield><subfield code="w">(DLC)sn 88074613</subfield><subfield code="w">(OCoLC)18271338</subfield></datafield><datafield ind1="1" ind2=" " tag="029"><subfield code="a">AU@</subfield><subfield code="b">000024693461</subfield></datafield></record>